@inproceedings{xu2016predicting,
  title={Predicting semantically linkable knowledge in developer online forums via convolutional neural network},
  author={Xu, Bowen and Ye, Deheng and Xing, Zhenchang and Xia, Xin and Chen, Guibin and Li, Shanping},
  booktitle={Proceedings of the 31st IEEE/ACM International Conference on Automated Software Engineering},
  pages={51--62},
  year={2016},
  organization={ACM}
}

@article{fu2017easy,
  title={Easy over Hard: A Case Study on Deep Learning},
  author={Fu, Wei and Menzies, Tim},
  journal={arXiv preprint arXiv:1703.00133},
  year={2017}
}

@article{storn1997differential,
  title={Differential evolution--a simple and efficient heuristic for global optimization over continuous spaces},
  author={Storn, Rainer and Price, Kenneth},
  journal={Journal of global optimization},
  volume={11},
  number={4},
  pages={341--359},
  year={1997},
  publisher={Springer}
}

@inproceedings{menzieslocal,
  title={Local vs. Global Lessons for Defect Prediction and Effort Estimation,‚Äù IEEE Trans. Software Eng., preprint, published online Dec. 2012; http://goo. gl/k6qno. TIM MENZIES is a full professor in computer science at the Lane},
  author={Menzies, Tim and Butcher, Andrew and Cok, David and Marcus, Andrian and Layman, Lucas and Shull, Forrest and Turhan, Burak and Zimmermann, Thomas},
  booktitle={Department of Computer Science and Electrical Engineering, West Virginia University. Contact},
  organization={Citeseer}
}

@article{pedregosa2011scikit,
  title={Scikit-learn: Machine learning in Python},
  author={Pedregosa, Fabian and Varoquaux, Ga{\"e}l and Gramfort, Alexandre and Michel, Vincent and Thirion, Bertrand and Grisel, Olivier and Blondel, Mathieu and Prettenhofer, Peter and Weiss, Ron and Dubourg, Vincent and others},
  journal={Journal of Machine Learning Research},
  volume={12},
  number={Oct},
  pages={2825--2830},
  year={2011}
}

@article{mohajer2011comparison,
  title={A comparison of Gap statistic definitions with and without logarithm function},
  author={Mohajer, Mojgan and Englmeier, Karl-Hans and Schmid, Volker J},
  journal={arXiv preprint arXiv:1103.4767},
  year={2011}
}

@article{tibshirani2001estimating,
  title={Estimating the number of clusters in a data set via the gap statistic},
  author={Tibshirani, Robert and Walther, Guenther and Hastie, Trevor},
  journal={Journal of the Royal Statistical Society: Series B (Statistical Methodology)},
  volume={63},
  number={2},
  pages={411--423},
  year={2001},
  publisher={Wiley Online Library}
}

@article{wolpert1997no,
  title={No free lunch theorems for optimization},
  author={Wolpert, David H and Macready, William G},
  journal={IEEE transactions on evolutionary computation},
  volume={1},
  number={1},
  pages={67--82},
  year={1997},
  publisher={IEEE}
}

@inproceedings{mikolov2013distributed,
  title={Distributed representations of words and phrases and their compositionality},
  author={Mikolov, Tomas and Sutskever, Ilya and Chen, Kai and Corrado, Greg S and Dean, Jeff},
  booktitle={Advances in neural information processing systems},
  pages={3111--3119},
  year={2013}
}

@inproceedings{mou2016convolutional,
  title={Convolutional Neural Networks over Tree Structures for Programming Language Processing.},
  author={Mou, Lili and Li, Ge and Zhang, Lu and Wang, Tao and Jin, Zhi},
  booktitle={AAAI},
  pages={1287--1293},
  year={2016}
}

@article{hubel1959receptive,
  title={Receptive fields of single neurones in the cat's striate cortex},
  author={Hubel, David H and Wiesel, Torsten N},
  journal={The Journal of physiology},
  volume={148},
  number={3},
  pages={574--591},
  year={1959},
  publisher={Wiley Online Library}
}

@article{suykens1999least,
  title={Least squares support vector machine classifiers},
  author={Suykens, Johan AK and Vandewalle, Joos},
  journal={Neural processing letters},
  volume={9},
  number={3},
  pages={293--300},
  year={1999},
  publisher={Springer}
}

@article{joachims1998text,
  title={Text categorization with support vector machines: Learning with many relevant features},
  author={Joachims, Thorsten},
  journal={Machine learning: ECML-98},
  pages={137--142},
  year={1998},
  publisher={Springer}
}

@article{zhang2007ml,
  title={ML-KNN: A lazy learning approach to multi-label learning},
  author={Zhang, Min-Ling and Zhou, Zhi-Hua},
  journal={Pattern recognition},
  volume={40},
  number={7},
  pages={2038--2048},
  year={2007},
  publisher={Elsevier}
}

@inproceedings{goldberger2005neighbourhood,
  title={Neighbourhood components analysis},
  author={Goldberger, Jacob and Hinton, Geoffrey E and Roweis, Sam T and Salakhutdinov, Ruslan R},
  booktitle={Advances in neural information processing systems},
  pages={513--520},
  year={2005}
}

@inproceedings{mihalcea2006corpus,
  title={Corpus-based and knowledge-based measures of text semantic similarity},
  author={Mihalcea, Rada and Corley, Courtney and Strapparava, Carlo and others},
  booktitle={AAAI},
  volume={6},
  pages={775--780},
  year={2006}
}

@inproceedings{guo2003knn,
  title={KNN model-based approach in classification},
  author={Guo, Gongde and Wang, Hui and Bell, David and Bi, Yaxin and Greer, Kieran},
  booktitle={CoopIS/DOA/ODBASE},
  volume={2003},
  pages={986--996},
  year={2003},
  organization={Springer}
}

@inproceedings{weinberger2006distance,
  title={Distance metric learning for large margin nearest neighbor classification},
  author={Weinberger, Kilian Q and Blitzer, John and Saul, Lawrence K},
  booktitle={Advances in neural information processing systems},
  pages={1473--1480},
  year={2006}
}

@article{jain2010data,
  title={Data clustering: 50 years beyond K-means},
  author={Jain, Anil K},
  journal={Pattern recognition letters},
  volume={31},
  number={8},
  pages={651--666},
  year={2010},
  publisher={Elsevier}
}

@article{mckinney2011pandas,
  title={pandas: a foundational Python library for data analysis and statistics},
  author={McKinney, Wes},
  journal={Python for High Performance and Scientific Computing},
  pages={1--9},
  year={2011}
}

@article{barua2014developers,
  title={What are developers talking about? an analysis of topics and trends in stack overflow},
  author={Barua, Anton and Thomas, Stephen W and Hassan, Ahmed E},
  journal={Empirical Software Engineering},
  volume={19},
  number={3},
  pages={619--654},
  year={2014},
  publisher={Springer}
}

@inproceedings{rehurek2010software,
  title={Software framework for topic modelling with large corpora},
  author={Rehurek, Radim and Sojka, Petr},
  booktitle={In Proceedings of the LREC 2010 Workshop on New Challenges for NLP Frameworks},
  year={2010},
  organization={Citeseer}
}

@inproceedings{arthur2007k,
  title={k-means++: The advantages of careful seeding},
  author={Arthur, David and Vassilvitskii, Sergei},
  booktitle={Proceedings of the eighteenth annual ACM-SIAM symposium on Discrete algorithms},
  pages={1027--1035},
  year={2007},
  organization={Society for Industrial and Applied Mathematics}
}

@inproceedings{sokolova2006beyond,
  title={Beyond accuracy, F-score and ROC: a family of discriminant measures for performance evaluation},
  author={Sokolova, Marina and Japkowicz, Nathalie and Szpakowicz, Stan},
  booktitle={Australian conference on artificial intelligence},
  volume={4304},
  pages={1015--1021},
  year={2006}
}

@inproceedings{kohavi1995study,
  title={A study of cross-validation and bootstrap for accuracy estimation and model selection},
  author={Kohavi, Ron and others},
  booktitle={Ijcai},
  volume={14},
  number={2},
  pages={1137--1145},
  year={1995},
  organization={Stanford, CA}
}

@article{bentler1980significance,
  title={Significance tests and goodness of fit in the analysis of covariance structures.},
  author={Bentler, Peter M and Bonett, Douglas G},
  journal={Psychological bulletin},
  volume={88},
  number={3},
  pages={588},
  year={1980},
  publisher={American Psychological Association}
}

@article{rosenthal1994parametric,
  title={Parametric measures of effect size},
  author={Rosenthal, Robert and Cooper, H and Hedges, LV},
  journal={The handbook of research synthesis},
  pages={231--244},
  year={1994}
}

@book{chen2002correlation,
  title={Correlation: Parametric and nonparametric measures},
  author={Chen, Peter Y and Popovich, Paula M},
  number={137-139},
  year={2002},
  publisher={Sage}
}

@book{efron1982jackknife,
  title={The jackknife, the bootstrap and other resampling plans},
  author={Efron, Bradley},
  year={1982},
  publisher={SIAM}
}

@article{duan2003evaluation,
  title={Evaluation of simple performance measures for tuning SVM hyperparameters},
  author={Duan, Kaibo and Keerthi, S Sathiya and Poo, Aun Neow},
  journal={Neurocomputing},
  volume={51},
  pages={41--59},
  year={2003},
  publisher={Elsevier}
}