%% Active learning
@article {SMR579,
author = {Pate, Jeremy R. and Tairas, Robert and Kraft, Nicholas A.},
title = {Clone evolution: a systematic review},
journal = {Journal of Software: Evolution and Process},
volume = {25},
number = {3},
publisher = {John Wiley & Sons, Ltd},
issn = {2047-7481},
url = {http://dx.doi.org/10.1002/smr.579},
doi = {10.1002/smr.579},
pages = {261--283},
keywords = {code clones, clone evolution, systematic literature review},
year = {2013},
}


@article{settles2012active,
  title={Active learning},
  author={Settles, Burr},
  journal={Synthesis Lectures on Artificial Intelligence and Machine Learning},
  volume={6},
  number={1},
  pages={1--114},
  year={2012},
  publisher={Morgan \& Claypool Publishers}
}

@article{settles2010active,
  title={Active learning literature survey},
  author={Settles, Burr},
  journal={University of Wisconsin, Madison},
  volume={52},
  number={55-66},
  pages={11},
  year={2010}
}
@inproceedings{wohlin2014guidelines,
  title={Guidelines for snowballing in systematic literature studies and a replication in software engineering},
  author={Wohlin, Claes},
  booktitle={Proceedings of the 18th international conference on evaluation and assessment in software engineering},
  pages={38},
  year={2014},
  organization={ACM}
}

%% Statistics
@article{isotalo2001basics,
  title={Basics of statistics},
  author={Isotalo, Jarkko},
  journal={Finland: University of Tampere},
  year={2001}
}

%% SVM

@inproceedings{joachims2006training,
  title={Training linear SVMs in linear time},
  author={Joachims, Thorsten},
  booktitle={Proceedings of the 12th ACM SIGKDD international conference on Knowledge discovery and data mining},
  pages={217--226},
  year={2006},
  organization={ACM}
}

@article{cortes1995support,
  title={Support-vector networks},
  author={Cortes, Corinna and Vapnik, Vladimir},
  journal={Machine learning},
  volume={20},
  number={3},
  pages={273--297},
  year={1995},
  publisher={Springer}
}

%% Overall SLR

@article{kitchenham2013systematic,
  title={A systematic review of systematic review process research in software engineering},
  author={Kitchenham, Barbara and Brereton, Pearl},
  journal={Information and software technology},
  volume={55},
  number={12},
  pages={2049--2075},
  year={2013},
  publisher={Elsevier}
}



@inproceedings{bezerra2009systematic,
  title={A systematic review of software product lines applied to mobile middleware},
  author={Bezerra, Yuri Morais and Pereira, Thais Alves Burity and da Silveira, Gledson Elias},
  booktitle={Information Technology: New Generations, 2009. ITNG'09. Sixth International Conference on},
  pages={1024--1029},
  year={2009},
  organization={IEEE}
}






%%%% baseline from SLR
@article{wahono2015systematic,
  title={A systematic literature review of software defect prediction: research trends, datasets, methods and frameworks},
  author={Wahono, Romi Satria},
  journal={Journal of Software Engineering},
  volume={1},
  number={1},
  pages={1--16},
  year={2015}
}

@article{hall2012systematic,
  title={A systematic literature review on fault prediction performance in software engineering},
  author={Hall, Tracy and Beecham, Sarah and Bowes, David and Gray, David and Counsell, Steve},
  journal={IEEE Transactions on Software Engineering},
  volume={38},
  number={6},
  pages={1276--1304},
  year={2012},
  publisher={IEEE}
}

@article{malhotra2015systematic,
  title={A systematic review of machine learning techniques for software fault prediction},
  author={Malhotra, Ruchika},
  journal={Applied Soft Computing},
  volume={27},
  pages={504--518},
  year={2015},
  publisher={Elsevier}
}

@article{radjenovic2013software,
  title={Software fault prediction metrics: A systematic literature review},
  author={Radjenovi{\'c}, Danijel and Heri{\v{c}}ko, Marjan and Torkar, Richard and {\v{Z}}ivkovi{\v{c}}, Ale{\v{s}}},
  journal={Information and Software Technology},
  volume={55},
  number={8},
  pages={1397--1418},
  year={2013},
  publisher={Elsevier}
}

@article{unterkalmsteiner2012evaluation,
  title={Evaluation and measurement of software process improvementâ€”a systematic literature review},
  author={Unterkalmsteiner, Michael and Gorschek, Tony and Islam, AKM Moinul and Cheng, Chow Kian and Permadi, Rahadian Bayu and Feldt, Robert},
  journal={IEEE Transactions on Software Engineering},
  volume={38},
  number={2},
  pages={398--424},
  year={2012},
  publisher={IEEE}
}

%%% SLR



@incollection{keele2007guidelines,
  title={Guidelines for performing systematic literature reviews in software engineering},
  author={Keele, Staffs},
  booktitle={Technical report, Ver. 2.3 EBSE Technical Report. EBSE},
  year={2007}
}

@inproceedings{kitchenham2004evidence,
  title={Evidence-based software engineering},
  author={Kitchenham, Barbara A and Dyba, Tore and Jorgensen, Magne},
  booktitle={Proceedings of the 26th international conference on software engineering},
  pages={273--281},
  year={2004},
  organization={IEEE Computer Society}
}

@ARTICLE{1377125, 
author={T. Dyba and B. A. Kitchenham and M. Jorgensen}, 
journal={IEEE Software}, 
title={Evidence-based software engineering for practitioners}, 
year={2005}, 
volume={22}, 
number={1}, 
pages={58-65}, 
keywords={DP industry;decision making;project management;risk management;software development management;software maintenance;software quality;technology transfer;decision making;evidence-based medicine;evidence-based software engineering;scientific evidence;software companies;software managers;Appraisal;Appropriate technology;Communications technology;Engineering management;Laboratories;Medical treatment;Production;Project management;Software engineering;Technology management}, 
doi={10.1109/MS.2005.6}, 
ISSN={0740-7459}, 
month={Jan},}


@article{hassler2016identification,
  title={Identification of {SLR} tool needs --- results of a community workshop},
  author={Hassler, Edgar and Carver, Jeffrey C and Hale, David and Al-Zubidy, Ahmed},
  journal={Information and Software Technology},
  volume={70},
  pages={122--129},
  year={2016},
  publisher={Elsevier}
}

@inproceedings{hassler2014outcomes,
  title={Outcomes of a community workshop to identify and rank barriers to the systematic literature review process},
  author={Hassler, Edgar and Carver, Jeffrey C and Kraft, Nicholas A and Hale, David},
  booktitle={Proceedings of the 18th International Conference on Evaluation and Assessment in Software Engineering},
  pages={31},
  year={2014},
  organization={ACM}
}

@inproceedings{carver2013identifying,
  title={Identifying barriers to the systematic literature review process},
  author={Carver, Jeffrey C and Hassler, Edgar and Hernandes, Elis and Kraft, Nicholas A},
  booktitle={2013 ACM/IEEE International Symposium on Empirical Software Engineering and Measurement},
  pages={203--212},
  year={2013},
  organization={IEEE}
}

%%% SE

@inproceedings{olorisade2016critical,
  title={A critical analysis of studies that address the use of text mining for citation screening in systematic reviews},
  author={Olorisade, Babatunde K and de Quincey, Ed and Brereton, Pearl and Andras, Peter},
  booktitle={Proceedings of the 20th International Conference on Evaluation and Assessment in Software Engineering},
  pages={14},
  year={2016},
  organization={ACM}
}

@article{olorisade2017reproducibility,
  title={Reproducibility of Studies on Text Mining for Citation Screening in Systematic Reviews: Evaluation and Checklist},
  author={Olorisade, Babatunde Kazeem and Brereton, Pearl and Andras, Peter},
  journal={Journal of Biomedical Informatics},
  year={2017},
  publisher={Elsevier}
}

@inproceedings{marshall2015tools,
  title={Tools to support systematic reviews in software engineering: A cross-domain survey using semi-structured interviews},
  author={Marshall, Christopher and Brereton, Pearl and Kitchenham, Barbara},
  booktitle={Proceedings of the 19th International Conference on Evaluation and Assessment in Software Engineering},
  pages={26},
  year={2015},
  organization={ACM}
}

@inproceedings{marshall2014tools,
 title = {Tools to Support Systematic Reviews in Software Engineering: A Feature Analysis},
 author={Marshall, Christopher and Brereton, Pearl and Kitchenham, Barbara},
 booktitle = {Proceedings of the 18th International Conference on Evaluation and Assessment in Software Engineering},
 series = {EASE '14},
 year = {2014},
 pages = {13:1--13:10},
 organization = {ACM}
 }
 
 
 

@inproceedings{marshall2013tools,
  title={Tools to support systematic literature reviews in software engineering: A mapping study},
  author={Marshall, Christopher and Brereton, Pearl},
  booktitle={2013 ACM/IEEE International Symposium on Empirical Software Engineering and Measurement},
  pages={296--299},
  year={2013},
  organization={IEEE}
}

%%%%%%%%%%% Tools

@inproceedings{bowes2012slurp,
  title={SLuRp: a tool to help large complex systematic literature reviews deliver valid and rigorous results},
  author={Bowes, David and Hall, Tracy and Beecham, Sarah},
  booktitle={Proceedings of the 2nd international workshop on Evidential assessment of software technologies},
  pages={33--36},
  year={2012},
  organization={ACM}
}

@inproceedings{Molleri:2015:SWA:2745802.2745825,
 author = {Moll{\'e}ri, Jefferson Seide and Benitti, Fabiane Barreto Vavassori},
 title = {SESRA: A Web-based Automated Tool to Support the Systematic Literature Review Process},
 booktitle = {Proceedings of the 19th International Conference on Evaluation and Assessment in Software Engineering},
 series = {EASE '15},
 year = {2015},
 isbn = {978-1-4503-3350-4},
 location = {Nanjing, China},
 pages = {24:1--24:6},
 articleno = {24},
 numpages = {6},
 
 doi = {10.1145/2745802.2745825},
 acmid = {2745825},
 publisher = {ACM},
 address = {New York, NY, USA},
 keywords = {SLR, automated tool, systematic literature review},
} 

%%% http://www.slrtool.org/

@inproceedings{fernandez2010slr,
  title={{SLR-Tool}: A Tool for Performing Systematic Literature Reviews.},
  author={Fern{\'a}ndez-S{\'a}ez, Ana M and Bocco, Marcela Genero and Romero, Francisco P},
  booktitle={ICSOFT (2)},
  pages={157--166},
  year={2010}
}

@article{hernandes2012using,
  title={Using GQM and TAM to evaluate StArt-a tool that supports Systematic Review},
  author={Hernandes, Elis and Zamboni, Augusto and Fabbri, Sandra and Thommazo, Andr{\'e} Di},
  journal={CLEI Electronic Journal},
  volume={15},
  number={1},
  pages={3--3},
  year={2012},
  publisher={Centro Latinoamericano de Estudios en Inform{\'a}tica}
}

%%%%%%%%%%% VTM

@inproceedings{Felizardo:2014:VAA:2601248.2601252,
 author = {Felizardo, Katia Romero and Nakagawa, Elisa Yumi and MacDonell, Stephen G. and Maldonado, Jos{\'e} Carlos},
 title = {A Visual Analysis Approach to Update Systematic Reviews},
 booktitle = {Proceedings of the 18th International Conference on Evaluation and Assessment in Software Engineering},
 series = {EASE '14},
 year = {2014},
 isbn = {978-1-4503-2476-2},
 location = {London, England, United Kingdom},
 pages = {4:1--4:10},
 articleno = {4},
 numpages = {10},
 doi = {10.1145/2601248.2601252},
 acmid = {2601252},
 publisher = {ACM},
 address = {New York, NY, USA},
 keywords = {VTM, systematic literature review, systematic review, visual text mining},
} 


@article{felizardo2012visual,
  title={A visual analysis approach to validate the selection review of primary studies in systematic reviews},
  author={Felizardo, Katia R and Andery, Gabriel F and Paulovich, Fernando V and Minghim, Rosane and Maldonado, Jos{\'e} C},
  journal={Information and Software Technology},
  volume={54},
  number={10},
  pages={1079--1091},
  year={2012},
  publisher={Elsevier}
}

@inproceedings{felizardo2010approach,
  title={An approach based on visual text mining to support categorization and classification in the systematic mapping},
  author={Felizardo, Katia Romero and Nakagawa, Elisa Yumi and Feitosa, Daniel and Minghim, Rosane and Maldonado, Jos{\'e} Carlos},
  booktitle={Proc. of EASE},
  volume={10},
  pages={1--10},
  year={2010}
}

@inproceedings{malheiros2007visual,
  title={A visual text mining approach for systematic reviews},
  author={Malheiros, Viviane and Hohn, Erika and Pinho, Roberto and Mendonca, Manoel and Maldonado, Jose Carlos},
  booktitle={First International Symposium on Empirical Software Engineering and Measurement (ESEM 2007)},
  pages={245--254},
  year={2007},
  organization={IEEE}
}

%%%%%%%%%%%%%%

%%%%%%%%%%%%%% Search

@inproceedings{zhang2011empirical,
  title={An empirical assessment of a systematic search process for systematic reviews},
  author={Zhang, He and Babar, Muhammad Ali and Bai, Xu and Li, Juan and Huang, Liguo},
  booktitle={Evaluation \& Assessment in Software Engineering (EASE 2011), 15th Annual Conference on},
  pages={56--65},
  year={2011},
  organization={IET}
}

@article{zhang2011identifying,
  title={Identifying relevant studies in software engineering},
  author={Zhang, He and Babar, Muhammad Ali and Tell, Paolo},
  journal={Information and Software Technology},
  volume={53},
  number={6},
  pages={625--637},
  year={2011},
  publisher={Elsevier}
}

@inproceedings{jalali2012systematic,
  title={Systematic literature studies: database searches vs. backward snowballing},
  author={Jalali, Samireh and Wohlin, Claes},
  booktitle={Proceedings of the ACM-IEEE international symposium on Empirical software engineering and measurement},
  pages={29--38},
  year={2012},
  organization={ACM}
}


%%%%%%%%%%%%%%

%% tool

@article{Ouzzani2016,
author="Ouzzani, Mourad
and Hammady, Hossam
and Fedorowicz, Zbys
and Elmagarmid, Ahmed",
title="Rayyan---a web and mobile app for systematic reviews",
journal="Systematic Reviews",
year="2016",
volume="5",
number="1",
pages="210",
abstract="Synthesis of multiple randomized controlled trials (RCTs) in a systematic review can summarize the effects of individual outcomes and provide numerical answers about the effectiveness of interventions. Filtering of searches is time consuming, and no single method fulfills the principal requirements of speed with accuracy. Automation of systematic reviews is driven by a necessity to expedite the availability of current best evidence for policy and clinical decision-making.",
issn="2046-4053",
doi="10.1186/s13643-016-0384-4",
url="http://dx.doi.org/10.1186/s13643-016-0384-4"
}

@inproceedings{rayyan:14:cochrane,
  AUTHOR = "Elmagarmid A and Fedorowicz Z and Hammady H and Ilyas I and Khabsa M and Ouzzani M",
  TITLE = "Rayyan: a systematic reviews web app for exploring and filtering searches for eligible studies for Cochrane Reviews",
  crossref = {cochrane:14},
  PAGES = {9}
}

@proceedings{cochrane:14,
  title =        "Evidence-Informed Public Health: Opportunities and Challenges",
  booktitle =    "Abstracts of the 22nd Cochrane Colloquium",
  publisher =    {John Wiley & Sons},
  venue =        {Hyderabad, India},
  month =        sep,
  year =         {2014}
}

@article{rayyan:ML2015,
  year={2015},
  issn={0885-6125},
  journal={Machine Learning},
  doi={10.1007/s10994-015-5535-7},
  title={Learning to identify relevant studies for systematic reviews using random forest and external information},
  url={http://dx.doi.org/10.1007/s10994-015-5535-7},
  publisher={Springer US},
  keywords={Systematic review; Classification; Inclusion prediction},
  author={Khabsa, Madian and Elmagarmid, Ahmed and Ilyas, Ihab and Hammady, Hossam and Ouzzani, Mourad},
  pages={1-18},
  language={English}
}

@article{thomas2010eppi,
  title={EPPI-Reviewer 4.0: software for research synthesis},
  author={Thomas, James and Brunton, Jeff and Graziosi, Sergio},
  year={2010},
  publisher={EPPI-Centre, Social Science Research Unit, Institute of Education, University of London}
}

%%% medicine systematic review

@article{cohen2006reducing,
  title={Reducing workload in systematic review preparation using automated citation classification},
  author={Cohen, Aaron M and Hersh, William R and Peterson, K and Yen, Po-Yin},
  journal={Journal of the American Medical Informatics Association},
  volume={13},
  number={2},
  pages={206--219},
  year={2006},
  publisher={The Oxford University Press}
}

@inproceedings{cohen2006effective,
  title={An effective general purpose approach for automated biomedical document classification},
  author={Cohen, Aaron M},
  booktitle={AMIA Annual Symposium Proceedings},
  volume={2006},
  pages={161},
  year={2006},
  organization={American Medical Informatics Association}
}

@inproceedings{cohen2010prospective,
  title={A prospective evaluation of an automated classification system to support evidence-based medicine and systematic review},
  author={Cohen, Aaron M and Ambert, Kyle and McDonagh, Marian},
  booktitle={AMIA Annual Symposium Proceedings},
  volume={2010},
  pages={121},
  year={2010},
  organization={American Medical Informatics Association}
}


@article{cohen2011performance,
  title={Performance of support-vector-machine-based classification on 15 systematic review topics evaluated with the WSS@ 95 measure},
  author={Cohen, Aaron M},
  journal={Journal of the American Medical Informatics Association},
  volume={18},
  number={1},
  pages={104--104},
  year={2011},
  publisher={The Oxford University Press}
}

@article{adeva2014automatic,
  title={Automatic text classification to support systematic reviews in medicine},
  author={Adeva, JJ Garc{\'\i}a and Atxa, JM Pikatza and Carrillo, M Ubeda and Zengotitabengoa, E Ansuategi},
  journal={Expert Systems with Applications},
  volume={41},
  number={4},
  pages={1498--1508},
  year={2014},
  publisher={Elsevier}
}


%%%%% Wallace

@article{wallace2010semi,
  title={Semi-automated screening of biomedical citations for systematic reviews},
  author={Wallace, Byron C and Trikalinos, Thomas A and Lau, Joseph and Brodley, Carla and Schmid, Christopher H},
  journal={BMC bioinformatics},
  volume={11},
  number={1},
  pages={1},
  year={2010},
  publisher={BioMed Central}
}

@inproceedings{wallace2010active,
  title={Active learning for biomedical citation screening},
  author={Wallace, Byron C and Small, Kevin and Brodley, Carla E and Trikalinos, Thomas A},
  booktitle={Proceedings of the 16th ACM SIGKDD international conference on Knowledge discovery and data mining},
  pages={173--182},
  year={2010},
  organization={ACM}
}

@inproceedings{wallace2011should,
  title={Who Should Label What? Instance Allocation in Multiple Expert Active Learning.},
  author={Wallace, Byron C and Small, Kevin and Brodley, Carla E and Trikalinos, Thomas A},
  booktitle={SDM},
  pages={176--187},
  year={2011},
  organization={SIAM}
}

@inproceedings{wallace2013active,
  title={Active literature discovery for scoping evidence reviews: How many needles are there},
  author={Wallace, Byron C and Dahabreh, Issa J and Moran, Kelly H and Brodley, Carla E and Trikalinos, Thomas A},
  booktitle={KDD workshop on data mining for healthcare (KDD-DMH)},
  year={2013}
}

@inproceedings{wallace2012deploying,
  title={Deploying an interactive machine learning system in an evidence-based practice center: abstrackr},
  author={Wallace, Byron C and Small, Kevin and Brodley, Carla E and Lau, Joseph and Trikalinos, Thomas A},
  booktitle={Proceedings of the 2nd ACM SIGHIT International Health Informatics Symposium},
  pages={819--824},
  year={2012},
  organization={ACM}
}

@article{wallace2013modernizing,
  title={Modernizing the systematic review process to inform comparative effectiveness: tools and methods},
  author={Wallace, Byron C and Dahabreh, Issa J and Schmid, Christopher H and Lau, Joseph and Trikalinos, Thomas A},
  journal={Journal of comparative effectiveness research},
  volume={2},
  number={3},
  pages={273--282},
  year={2013},
  publisher={Future Medicine}
}

@inproceedings{nguyen2015combining,
  title={Combining crowd and expert labels using decision theoretic active learning},
  author={Nguyen, An Thanh and Wallace, Byron C and Lease, Matthew},
  booktitle={Third AAAI Conference on Human Computation and Crowdsourcing},
  year={2015}
}

%%% TAR in e-discovery

@article{roegiest2015trec,
  title={TREC 2015 Total Recall track overview},
  author={Roegiest, Adam and Cormack, Gordon V and Grossman, M and Clarke, C},
  journal={Proc. TREC-2015},
  year={2015}
}

@article{cormack2015autonomy,
  title={Autonomy and Reliability of Continuous Active Learning for Technology-Assisted Review},
  author={Cormack, Gordon V and Grossman, Maura R},
  journal={arXiv preprint arXiv:1504.06868},
  year={2015}
}

@inproceedings{cormack2014evaluation,
  title={Evaluation of machine-learning protocols for technology-assisted review in electronic discovery},
  author={Cormack, Gordon V and Grossman, Maura R},
  booktitle={Proceedings of the 37th international ACM SIGIR conference on Research \& development in information retrieval},
  pages={153--162},
  year={2014},
  organization={ACM}
}


@article{grossman2013,
  title={The Grossman-Cormack glossary of technology-assisted review with foreword by John M. Facciola, U.S. Magistrate Judge.},
  author={Grossman, M. R. and Cormack, G. V.. },
  journal={Federal Courts Law Review},
  volume={7},
  number={1},
  pages={1--34},
  year={2013}
}


@book{tredennick2015,
  title={TAR for Smart People},
  author={Tredennick, John},
  year={2015},
  publisher={Catalyst}
}

@inproceedings{krishna2016bigse,
  title={The BigSE project: lessons learned from validating industrial text mining},
  author={Krishna, Rahul and Yu, Zhe and Agrawal, Amritanshu and Dominguez, Manuel and Wolf, David},
  booktitle={Proceedings of the 2nd International Workshop on BIG Data Software Engineering},
  pages={65--71},
  year={2016},
  organization={ACM}
}

@article{leasesystematic,
  title={Systematic Review is e-Discovery in Doctorâ€™s Clothing},
  author={Lease, Matthew and Cormack, Gordon V and Nguyen, An T and TrikalinosV, Thomas A and Wallace, Byron C}
}

%% UPDATE
@inproceedings{felizardo2016using,
  title={Using Forward Snowballing to update Systematic Reviews in Software Engineering},
  author={Felizardo, Katia Romero and Mendes, Emilia and Kalinowski, Marcos and Souza, {\'E}rica Ferreira and Vijaykumar, Nandamudi L},
  booktitle={Proceedings of the 10th ACM/IEEE International Symposium on Empirical Software Engineering and Measurement},
  pages={53},
  year={2016},
  organization={ACM}
}

@inproceedings{ferrari2008experimenting,
  title={Experimenting with a multi-iteration systematic review in software engineering},
  author={Ferrari, F and Maldonado, J},
  booktitle={Proc. Fifth Experimental Software Engineering Latin America Workshop (ESELAW), Salvador, Brazil},
  pages={1--10},
  year={2008}
}


%% Felizardo:2014:VAA:2601248.2601252,


@inproceedings{dieste2008formalizing,
  title={Formalizing a systematic review updating process},
  author={Dieste, Oscar and L{\'o}pez, Marta and Ramos, Felicidad},
  booktitle={Software Engineering Research, Management and Applications, 2008. SERA'08. Sixth International Conference on},
  pages={143--150},
  year={2008},
  organization={IEEE}
}

@inproceedings{wohlin2016second,
  title={Second-generation systematic literature studies using snowballing},
  author={Wohlin, Claes},
  booktitle={Proceedings of the 20th International Conference on Evaluation and Assessment in Software Engineering},
  pages={15},
  year={2016},
  organization={ACM}
}

%% validity threats

@inproceedings{feldt2010validity,
  title={Validity Threats in Empirical Software Engineering Research-An Initial Survey.},
  author={Feldt, Robert and Magazinius, Ana},
  booktitle={SEKE},
  pages={374--379},
  year={2010}
}


%% Reviews
@article{paynter2016epc,
  title={EPC methods: an exploration of the use of text-mining software in systematic reviews},
  author={Paynter, Robin and Ba{\~n}ez, Lionel L and Berliner, Elise and Erinoff, Eileen and Lege-Matsuura, Jennifer and Potter, Shannon and Uhl, Stacey},
  year={2016},
  publisher={Agency for Healthcare Research and Quality (US)}
}

@article{miwa2014reducing,
  title={Reducing systematic review workload through certainty-based screening},
  author={Miwa, Makoto and Thomas, James and Oâ€™Mara-Eves, Alison and Ananiadou, Sophia},
  journal={Journal of biomedical informatics},
  volume={51},
  pages={242--253},
  year={2014},
  publisher={Elsevier}
}

@article{liu2016comparative,
  title={A comparative analysis of semi-supervised learning: The case of article selection for medical systematic reviews},
  author={Liu, Jun and Timsina, Prem and El-Gayar, Omar},
  journal={Information Systems Frontiers},
  pages={1--13},
  year={2016},
  publisher={Springer}
}


@article{o2015using,
  title={Using text mining for study identification in systematic reviews: a systematic review of current approaches},
  author={Oâ€™Mara-Eves, Alison and Thomas, James and McNaught, John and Miwa, Makoto and Ananiadou, Sophia},
  journal={Systematic reviews},
  volume={4},
  number={1},
  pages={5},
  year={2015},
  publisher={BioMed Central}
}


@article{shemilt2016use,
  title={Use of cost-effectiveness analysis to compare the efficiency of study identification methods in systematic reviews},
  author={Shemilt, Ian and Khan, Nada and Park, Sophie and Thomas, James},
  journal={Systematic reviews},
  volume={5},
  number={1},
  pages={140},
  year={2016},
  publisher={BioMed Central}
}

@article{kitchenham2010systematic,
  title={Systematic literature reviews in software engineering--a tertiary study},
  author={Kitchenham, Barbara and Pretorius, Rialette and Budgen, David and Brereton, O Pearl and Turner, Mark and Niazi, Mahmood and Linkman, Stephen},
  journal={Information and Software Technology},
  volume={52},
  number={8},
  pages={792--805},
  year={2010},
  publisher={Elsevier}
}

@inproceedings{le2014distributed,
  title={Distributed representations of sentences and documents},
  author={Le, Quoc and Mikolov, Tomas},
  booktitle={Proceedings of the 31st International Conference on Machine Learning (ICML-14)},
  pages={1188--1196},
  year={2014}
}

@article{blei2003latent,
  title={Latent dirichlet allocation},
  author={Blei, David M and Ng, Andrew Y and Jordan, Michael I},
  journal={Journal of machine Learning research},
  volume={3},
  number={Jan},
  pages={993--1022},
  year={2003}
}


%% Reproducibility


% scott knott
@article{scott1974cluster,
  title={A cluster analysis method for grouping means in the analysis of variance},
  author={Scott, ANDREW JHON and Knott, M},
  journal={Biometrics},
  pages={507--512},
  year={1974},
  publisher={JSTOR}
}

@article{mittas2013ranking,
  title={Ranking and clustering software cost estimation models through a multiple comparisons algorithm},
  author={Mittas, Nikolaos and Angelis, Lefteris},
  journal={IEEE Transactions on software engineering},
  volume={39},
  number={4},
  pages={537--551},
  year={2013},
  publisher={IEEE}
}

@article{cliff1993dominance,
  title={Dominance statistics: Ordinal analyses to answer ordinal questions.},
  author={Cliff, Norman},
  journal={Psychological Bulletin},
  volume={114},
  number={3},
  pages={494},
  year={1993},
  publisher={American Psychological Association}
}

@book{efron1982jackknife,
  title={The jackknife, the bootstrap and other resampling plans},
  author={Efron, Bradley},
  year={1982},
  publisher={SIAM}
}

% CLEF
@inproceedings{zhe-CLEF2017,
	Booktitle = {{CLEF 2017 Working Notes}},
	author = {Yu, Zhe and Menzies, Tim},
	Publisher = {{CEUR Workshop Proceedings (CEUR-WS.org), ISSN 1613-0073, \url{http://ceur-ws.org/Vol-1866/}}},
	Title = {{Data Balancing for Technologically Assisted Reviews: Undersampling or Reweighting}},
	Year = {2017}}

% competitor
@inproceedings{ros2017machine,
  title={A Machine Learning Approach for Semi-Automated Search and Selection in Literature Studies},
  author={Ros, Rasmus and Bjarnason, Elizabeth and Runeson, Per},
  booktitle={Proceedings of the 21st International Conference on Evaluation and Assessment in Software Engineering},
  pages={118--127},
  year={2017},
  organization={ACM}
}